<?xml version="1.0" encoding="UTF-8"?>
<OAI-PMH xmlns="http://www.openarchives.org/OAI/2.0/" xmlns:xsi="http://www.w3.org/2001/XMLSchema-instance" xsi:schemaLocation="http://www.openarchives.org/OAI/2.0/ http://www.openarchives.org/OAI/2.0/OAI-PMH.xsd">
  <ListRecords>
    <record>
      <header>
        <identifier>aleph-publish:000160412</identifier>
      </header>
      <metadata>
        <record xmlns="http://www.ddb.de/professionell/mabxml/mabxml-1.xsd">
          <leader>00702vM2.01200024------h</leader>
          <controlfield tag="LDR">00702vM2.01200024------h</controlfield>
          <controlfield tag="FMT">MH</controlfield>
          <datafield tag="001" ind1="-" ind2="1">
            <subfield code="a">HT001018379</subfield>
          </datafield>
          <datafield tag="002" ind1="a" ind2="1">
            <subfield code="a">19991221</subfield>
          </datafield>
          <datafield tag="003" ind1="-" ind2="1">
            <subfield code="a">20060412</subfield>
          </datafield>
          <controlfield tag="030">a|1uc||||||37</controlfield>
          <datafield tag="037" ind1="b" ind2="1">
            <subfield code="a">ger</subfield>
          </datafield>
          <controlfield tag="050">a|||||||||||||</controlfield>
          <controlfield tag="051">s|||||||</controlfield>
          <datafield tag="070" ind1="-" ind2="1">
            <subfield code="a">468</subfield>
          </datafield>
          <datafield tag="070" ind1="b" ind2="1">
            <subfield code="a">290</subfield>
          </datafield>
          <datafield tag="078" ind1="o" ind2="1">
            <subfield code="a">retro</subfield>
          </datafield>
          <datafield tag="080" ind1="-" ind2="1">
            <subfield code="a">60</subfield>
          </datafield>
          <datafield tag="100" ind1="b" ind2="1">
            <subfield code="p">Schieder, Theodor</subfield>
            <subfield code="d">1908-1984</subfield>
            <subfield code="9">(DE-588)118607472</subfield>
            <subfield code="b">[Hrsg.]</subfield>
          </datafield>
          <datafield tag="331" ind1="-" ind2="1">
            <subfield code="a">Beiträge zur Geschichte der Weimarer Republik</subfield>
          </datafield>
          <datafield tag="359" ind1="-" ind2="1">
            <subfield code="a">hrsg. von Theodor Schieder</subfield>
          </datafield>
          <datafield tag="410" ind1="-" ind2="1">
            <subfield code="a">München</subfield>
          </datafield>
          <datafield tag="412" ind1="-" ind2="1">
            <subfield code="a">Oldenbourg</subfield>
          </datafield>
          <datafield tag="425" ind1="a" ind2="1">
            <subfield code="a">1971</subfield>
          </datafield>
          <datafield tag="433" ind1="-" ind2="1">
            <subfield code="a">147 S.</subfield>
          </datafield>
          <datafield tag="451" ind1="-" ind2="1">
            <subfield code="a">Historische Zeitschrift : Beiheft ; [N.F.],1</subfield>
          </datafield>
          <datafield tag="453" ind1="-" ind2="1">
            <subfield code="a">HT001237362</subfield>
          </datafield>
          <datafield tag="455" ind1="-" ind2="1">
            <subfield code="a">[N.F.],1</subfield>
          </datafield>
          <datafield tag="456" ind1="-" ind2="1">
            <subfield code="a">NF,1</subfield>
          </datafield>
          <datafield tag="540" ind1="a" ind2="1">
            <subfield code="a">3-486-43491-8</subfield>
          </datafield>
          <datafield tag="700" ind1="l" ind2="1">
            <subfield code="a">330</subfield>
          </datafield>
          <datafield tag="700" ind1="g" ind2="1">
            <subfield code="a">NQ 1070</subfield>
          </datafield>
          <datafield tag="700" ind1="g" ind2="1">
            <subfield code="a">NQ 1080</subfield>
          </datafield>
          <datafield tag="700" ind1="g" ind2="1">
            <subfield code="a">PL 290</subfield>
          </datafield>
          <datafield tag="700" ind1="g" ind2="1">
            <subfield code="a">PL 359</subfield>
          </datafield>
          <datafield tag="902" ind1="-" ind2="1">
            <subfield code="g">Deutschland</subfield>
            <subfield code="9">(DE-588)4011882-4</subfield>
          </datafield>
          <datafield tag="902" ind1="-" ind2="1">
            <subfield code="z">Geschichte 1918-1933</subfield>
          </datafield>
          <datafield tag="902" ind1="-" ind2="1">
            <subfield code="f">Aufsatzsammlung</subfield>
          </datafield>
          <datafield tag="907" ind1="-" ind2="1">
            <subfield code="s">Weimarer Republik</subfield>
            <subfield code="9">(DE-588)4065109-5</subfield>
          </datafield>
          <datafield tag="907" ind1="-" ind2="1">
            <subfield code="z">Geschichte</subfield>
          </datafield>
          <datafield tag="907" ind1="-" ind2="1">
            <subfield code="f">Aufsatzsammlung</subfield>
          </datafield>
          <controlfield tag="SYS">000160412</controlfield>
          <datafield tag="PPE" ind1="-" ind2="1">
            <subfield code="p">Šider, Teodor</subfield>
            <subfield code="d">1908-1984</subfield>
            <subfield code="9">(DE-588)118607472</subfield>
          </datafield>
          <datafield tag="PPE" ind1="-" ind2="1">
            <subfield code="p">Schieder-Deuerlein, ...</subfield>
            <subfield code="d">1908-1984</subfield>
            <subfield code="9">(DE-588)118607472</subfield>
          </datafield>
          <datafield tag="PPE" ind1="-" ind2="1">
            <subfield code="p">Šider, Teodor</subfield>
            <subfield code="d">1908-1984</subfield>
            <subfield code="9">(DE-588)118607472</subfield>
          </datafield>
          <datafield tag="PPE" ind1="-" ind2="1">
            <subfield code="p">Schieder-Deuerlein, ...</subfield>
            <subfield code="d">1908-1984</subfield>
            <subfield code="9">(DE-588)118607472</subfield>
          </datafield>
          <datafield tag="PSW" ind1="-" ind2="1">
            <subfield code="g">Deutschland</subfield>
            <subfield code="h">Weimarer Republik</subfield>
            <subfield code="9">(DE-588)4065109-5</subfield>
          </datafield>
          <datafield tag="PSW" ind1="-" ind2="1">
            <subfield code="g">Deutschland</subfield>
            <subfield code="x">Weimarer Republik</subfield>
            <subfield code="9">(DE-588)4065109-5</subfield>
          </datafield>
          <datafield tag="PSW" ind1="-" ind2="1">
            <subfield code="g">Heiliges Römisches Reich</subfield>
            <subfield code="9">(DE-588)4011882-4</subfield>
          </datafield>
          <datafield tag="PSW" ind1="-" ind2="1">
            <subfield code="g">Rheinbund</subfield>
            <subfield code="9">(DE-588)4011882-4</subfield>
          </datafield>
          <datafield tag="PSW" ind1="-" ind2="1">
            <subfield code="g">Deutscher Bund</subfield>
            <subfield code="9">(DE-588)4011882-4</subfield>
          </datafield>
          <datafield tag="PSW" ind1="-" ind2="1">
            <subfield code="g">Norddeutscher Bund</subfield>
            <subfield code="9">(DE-588)4011882-4</subfield>
          </datafield>
          <datafield tag="PSW" ind1="-" ind2="1">
            <subfield code="g">Federal Republic of Germany</subfield>
            <subfield code="h">Deutschland</subfield>
            <subfield code="9">(DE-588)4011882-4</subfield>
          </datafield>
          <datafield tag="PSW" ind1="-" ind2="1">
            <subfield code="g">Republic of Germany</subfield>
            <subfield code="h">Deutschland</subfield>
            <subfield code="9">(DE-588)4011882-4</subfield>
          </datafield>
          <datafield tag="PSW" ind1="-" ind2="1">
            <subfield code="g">Allemagne</subfield>
            <subfield code="h">Deutschland</subfield>
            <subfield code="9">(DE-588)4011882-4</subfield>
          </datafield>
          <datafield tag="PSW" ind1="-" ind2="1">
            <subfield code="g">Ǧumhūrīyat Almāniyā al-Ittiḥādīya</subfield>
            <subfield code="9">(DE-588)4011882-4</subfield>
          </datafield>
          <datafield tag="PSW" ind1="-" ind2="1">
            <subfield code="g">Bundesrepublik Deutschland</subfield>
            <subfield code="h">1990-</subfield>
            <subfield code="9">(DE-588)4011882-4</subfield>
          </datafield>
          <datafield tag="PSW" ind1="-" ind2="1">
            <subfield code="g">BRD</subfield>
            <subfield code="9">(DE-588)4011882-4</subfield>
          </datafield>
          <datafield tag="PSW" ind1="-" ind2="1">
            <subfield code="g">Niemcy</subfield>
            <subfield code="9">(DE-588)4011882-4</subfield>
          </datafield>
          <datafield tag="PSW" ind1="-" ind2="1">
            <subfield code="g">République Fédérale d'Allemagne</subfield>
            <subfield code="h">Deutschland</subfield>
            <subfield code="9">(DE-588)4011882-4</subfield>
          </datafield>
          <datafield tag="PSW" ind1="-" ind2="1">
            <subfield code="g">Repubblica Federale di Germania</subfield>
            <subfield code="h">Deutschland</subfield>
            <subfield code="9">(DE-588)4011882-4</subfield>
          </datafield>
          <datafield tag="PSW" ind1="-" ind2="1">
            <subfield code="g">Germanija</subfield>
            <subfield code="9">(DE-588)4011882-4</subfield>
          </datafield>
          <datafield tag="PSW" ind1="-" ind2="1">
            <subfield code="g">Federativnaja Respublika Germanija</subfield>
            <subfield code="9">(DE-588)4011882-4</subfield>
          </datafield>
          <datafield tag="PSW" ind1="-" ind2="1">
            <subfield code="g">FRG</subfield>
            <subfield code="9">(DE-588)4011882-4</subfield>
          </datafield>
          <datafield tag="PSW" ind1="-" ind2="1">
            <subfield code="g">Deyizhi-Lianbang-Gongheguo</subfield>
            <subfield code="9">(DE-588)4011882-4</subfield>
          </datafield>
          <datafield tag="PSW" ind1="-" ind2="1">
            <subfield code="g">Deutsche Länder</subfield>
            <subfield code="9">(DE-588)4011882-4</subfield>
          </datafield>
          <datafield tag="PSW" ind1="-" ind2="1">
            <subfield code="g">Germany</subfield>
            <subfield code="h">Deutschland</subfield>
            <subfield code="9">(DE-588)4011882-4</subfield>
          </datafield>
          <datafield tag="PSW" ind1="-" ind2="1">
            <subfield code="g">Deutsches Reich</subfield>
            <subfield code="9">(DE-588)4011882-4</subfield>
          </datafield>
          <datafield tag="PSW" ind1="-" ind2="1">
            <subfield code="g">Deutschland</subfield>
            <subfield code="h">Gebiet unter Alliierter Besatzung</subfield>
            <subfield code="9">(DE-588)4011882-4</subfield>
          </datafield>
          <datafield tag="PSW" ind1="-" ind2="1">
            <subfield code="g">Deutschland</subfield>
            <subfield code="h">Bundesrepublik, 1990-</subfield>
            <subfield code="9">(DE-588)4011882-4</subfield>
          </datafield>
          <datafield tag="PSW" ind1="-" ind2="1">
            <subfield code="g">BRD</subfield>
            <subfield code="h">1990-</subfield>
            <subfield code="9">(DE-588)4011882-4</subfield>
          </datafield>
          <datafield tag="PSW" ind1="-" ind2="1">
            <subfield code="g">Heiliges Römisches Reich</subfield>
            <subfield code="9">(DE-588)4011882-4</subfield>
          </datafield>
          <datafield tag="PSW" ind1="-" ind2="1">
            <subfield code="g">Rheinbund</subfield>
            <subfield code="9">(DE-588)4011882-4</subfield>
          </datafield>
          <datafield tag="PSW" ind1="-" ind2="1">
            <subfield code="g">Deutscher Bund</subfield>
            <subfield code="9">(DE-588)4011882-4</subfield>
          </datafield>
          <datafield tag="PSW" ind1="-" ind2="1">
            <subfield code="g">Norddeutscher Bund</subfield>
            <subfield code="9">(DE-588)4011882-4</subfield>
          </datafield>
          <datafield tag="PSW" ind1="-" ind2="1">
            <subfield code="g">Federal Republic of Germany</subfield>
            <subfield code="h">Deutschland</subfield>
            <subfield code="9">(DE-588)4011882-4</subfield>
          </datafield>
          <datafield tag="PSW" ind1="-" ind2="1">
            <subfield code="g">Republic of Germany</subfield>
            <subfield code="h">Deutschland</subfield>
            <subfield code="9">(DE-588)4011882-4</subfield>
          </datafield>
          <datafield tag="PSW" ind1="-" ind2="1">
            <subfield code="g">Allemagne</subfield>
            <subfield code="h">Deutschland</subfield>
            <subfield code="9">(DE-588)4011882-4</subfield>
          </datafield>
          <datafield tag="PSW" ind1="-" ind2="1">
            <subfield code="g">Ǧumhūrīyat Almāniyā al-Ittiḥādīya</subfield>
            <subfield code="9">(DE-588)4011882-4</subfield>
          </datafield>
          <datafield tag="PSW" ind1="-" ind2="1">
            <subfield code="g">Bundesrepublik Deutschland</subfield>
            <subfield code="h">1990-</subfield>
            <subfield code="9">(DE-588)4011882-4</subfield>
          </datafield>
          <datafield tag="PSW" ind1="-" ind2="1">
            <subfield code="g">BRD</subfield>
            <subfield code="9">(DE-588)4011882-4</subfield>
          </datafield>
          <datafield tag="PSW" ind1="-" ind2="1">
            <subfield code="g">Niemcy</subfield>
            <subfield code="9">(DE-588)4011882-4</subfield>
          </datafield>
          <datafield tag="PSW" ind1="-" ind2="1">
            <subfield code="g">République Fédérale d'Allemagne</subfield>
            <subfield code="h">Deutschland</subfield>
            <subfield code="9">(DE-588)4011882-4</subfield>
          </datafield>
          <datafield tag="PSW" ind1="-" ind2="1">
            <subfield code="g">Repubblica Federale di Germania</subfield>
            <subfield code="h">Deutschland</subfield>
            <subfield code="9">(DE-588)4011882-4</subfield>
          </datafield>
          <datafield tag="PSW" ind1="-" ind2="1">
            <subfield code="g">Germanija</subfield>
            <subfield code="9">(DE-588)4011882-4</subfield>
          </datafield>
          <datafield tag="PSW" ind1="-" ind2="1">
            <subfield code="g">Federativnaja Respublika Germanija</subfield>
            <subfield code="9">(DE-588)4011882-4</subfield>
          </datafield>
          <datafield tag="PSW" ind1="-" ind2="1">
            <subfield code="g">FRG</subfield>
            <subfield code="9">(DE-588)4011882-4</subfield>
          </datafield>
          <datafield tag="PSW" ind1="-" ind2="1">
            <subfield code="g">Deyizhi-Lianbang-Gongheguo</subfield>
            <subfield code="9">(DE-588)4011882-4</subfield>
          </datafield>
          <datafield tag="PSW" ind1="-" ind2="1">
            <subfield code="g">Deutsche Länder</subfield>
            <subfield code="9">(DE-588)4011882-4</subfield>
          </datafield>
          <datafield tag="PSW" ind1="-" ind2="1">
            <subfield code="g">Germany</subfield>
            <subfield code="h">Deutschland</subfield>
            <subfield code="9">(DE-588)4011882-4</subfield>
          </datafield>
          <datafield tag="PSW" ind1="-" ind2="1">
            <subfield code="g">Deutsches Reich</subfield>
            <subfield code="9">(DE-588)4011882-4</subfield>
          </datafield>
          <datafield tag="PSW" ind1="-" ind2="1">
            <subfield code="g">Deutschland</subfield>
            <subfield code="h">Gebiet unter Alliierter Besatzung</subfield>
            <subfield code="9">(DE-588)4011882-4</subfield>
          </datafield>
          <datafield tag="PSW" ind1="-" ind2="1">
            <subfield code="g">Deutschland</subfield>
            <subfield code="h">Bundesrepublik, 1990-</subfield>
            <subfield code="9">(DE-588)4011882-4</subfield>
          </datafield>
          <datafield tag="PSW" ind1="-" ind2="1">
            <subfield code="g">BRD</subfield>
            <subfield code="h">1990-</subfield>
            <subfield code="9">(DE-588)4011882-4</subfield>
          </datafield>
          <datafield tag="PSW" ind1="-" ind2="1">
            <subfield code="g">Deutschland</subfield>
            <subfield code="h">Weimarer Republik</subfield>
            <subfield code="9">(DE-588)4065109-5</subfield>
          </datafield>
          <datafield tag="PSW" ind1="-" ind2="1">
            <subfield code="g">Deutschland</subfield>
            <subfield code="x">Weimarer Republik</subfield>
            <subfield code="9">(DE-588)4065109-5</subfield>
          </datafield>
          <datafield tag="PPE" ind1="-" ind2="1">
            <subfield code="p">Šider, Teodor</subfield>
            <subfield code="d">1908-1984</subfield>
            <subfield code="9">(DE-588)118607472</subfield>
          </datafield>
          <datafield tag="PPE" ind1="-" ind2="1">
            <subfield code="p">Schieder-Deuerlein, ...</subfield>
            <subfield code="d">1908-1984</subfield>
            <subfield code="9">(DE-588)118607472</subfield>
          </datafield>
          <datafield tag="PPE" ind1="-" ind2="1">
            <subfield code="p">Šider, Teodor</subfield>
            <subfield code="d">1908-1984</subfield>
            <subfield code="9">(DE-588)118607472</subfield>
          </datafield>
          <datafield tag="PPE" ind1="-" ind2="1">
            <subfield code="p">Schieder-Deuerlein, ...</subfield>
            <subfield code="d">1908-1984</subfield>
            <subfield code="9">(DE-588)118607472</subfield>
          </datafield>
          <datafield tag="PSW" ind1="-" ind2="1">
            <subfield code="g">Heiliges Römisches Reich</subfield>
            <subfield code="9">(DE-588)4011882-4</subfield>
          </datafield>
          <datafield tag="PSW" ind1="-" ind2="1">
            <subfield code="g">Rheinbund</subfield>
            <subfield code="9">(DE-588)4011882-4</subfield>
          </datafield>
          <datafield tag="PSW" ind1="-" ind2="1">
            <subfield code="g">Deutscher Bund</subfield>
            <subfield code="9">(DE-588)4011882-4</subfield>
          </datafield>
          <datafield tag="PSW" ind1="-" ind2="1">
            <subfield code="g">Norddeutscher Bund</subfield>
            <subfield code="9">(DE-588)4011882-4</subfield>
          </datafield>
          <datafield tag="PSW" ind1="-" ind2="1">
            <subfield code="g">Federal Republic of Germany</subfield>
            <subfield code="h">Deutschland</subfield>
            <subfield code="9">(DE-588)4011882-4</subfield>
          </datafield>
          <datafield tag="PSW" ind1="-" ind2="1">
            <subfield code="g">Republic of Germany</subfield>
            <subfield code="h">Deutschland</subfield>
            <subfield code="9">(DE-588)4011882-4</subfield>
          </datafield>
          <datafield tag="PSW" ind1="-" ind2="1">
            <subfield code="g">Allemagne</subfield>
            <subfield code="h">Deutschland</subfield>
            <subfield code="9">(DE-588)4011882-4</subfield>
          </datafield>
          <datafield tag="PSW" ind1="-" ind2="1">
            <subfield code="g">Ǧumhūrīyat Almāniyā al-Ittiḥādīya</subfield>
            <subfield code="9">(DE-588)4011882-4</subfield>
          </datafield>
          <datafield tag="PSW" ind1="-" ind2="1">
            <subfield code="g">Bundesrepublik Deutschland</subfield>
            <subfield code="h">1990-</subfield>
            <subfield code="9">(DE-588)4011882-4</subfield>
          </datafield>
          <datafield tag="PSW" ind1="-" ind2="1">
            <subfield code="g">BRD</subfield>
            <subfield code="9">(DE-588)4011882-4</subfield>
          </datafield>
          <datafield tag="PSW" ind1="-" ind2="1">
            <subfield code="g">Niemcy</subfield>
            <subfield code="9">(DE-588)4011882-4</subfield>
          </datafield>
          <datafield tag="PSW" ind1="-" ind2="1">
            <subfield code="g">République Fédérale d'Allemagne</subfield>
            <subfield code="h">Deutschland</subfield>
            <subfield code="9">(DE-588)4011882-4</subfield>
          </datafield>
          <datafield tag="PSW" ind1="-" ind2="1">
            <subfield code="g">Repubblica Federale di Germania</subfield>
            <subfield code="h">Deutschland</subfield>
            <subfield code="9">(DE-588)4011882-4</subfield>
          </datafield>
          <datafield tag="PSW" ind1="-" ind2="1">
            <subfield code="g">Germanija</subfield>
            <subfield code="9">(DE-588)4011882-4</subfield>
          </datafield>
          <datafield tag="PSW" ind1="-" ind2="1">
            <subfield code="g">Federativnaja Respublika Germanija</subfield>
            <subfield code="9">(DE-588)4011882-4</subfield>
          </datafield>
          <datafield tag="PSW" ind1="-" ind2="1">
            <subfield code="g">FRG</subfield>
            <subfield code="9">(DE-588)4011882-4</subfield>
          </datafield>
          <datafield tag="PSW" ind1="-" ind2="1">
            <subfield code="g">Deyizhi-Lianbang-Gongheguo</subfield>
            <subfield code="9">(DE-588)4011882-4</subfield>
          </datafield>
          <datafield tag="PSW" ind1="-" ind2="1">
            <subfield code="g">Deutsche Länder</subfield>
            <subfield code="9">(DE-588)4011882-4</subfield>
          </datafield>
          <datafield tag="PSW" ind1="-" ind2="1">
            <subfield code="g">Germany</subfield>
            <subfield code="h">Deutschland</subfield>
            <subfield code="9">(DE-588)4011882-4</subfield>
          </datafield>
          <datafield tag="PSW" ind1="-" ind2="1">
            <subfield code="g">Deutsches Reich</subfield>
            <subfield code="9">(DE-588)4011882-4</subfield>
          </datafield>
          <datafield tag="PSW" ind1="-" ind2="1">
            <subfield code="g">Deutschland</subfield>
            <subfield code="h">Gebiet unter Alliierter Besatzung</subfield>
            <subfield code="9">(DE-588)4011882-4</subfield>
          </datafield>
          <datafield tag="PSW" ind1="-" ind2="1">
            <subfield code="g">Deutschland</subfield>
            <subfield code="h">Bundesrepublik, 1990-</subfield>
            <subfield code="9">(DE-588)4011882-4</subfield>
          </datafield>
          <datafield tag="PSW" ind1="-" ind2="1">
            <subfield code="g">BRD</subfield>
            <subfield code="h">1990-</subfield>
            <subfield code="9">(DE-588)4011882-4</subfield>
          </datafield>
          <datafield tag="PSW" ind1="-" ind2="1">
            <subfield code="g">Deutschland</subfield>
            <subfield code="h">Weimarer Republik</subfield>
            <subfield code="9">(DE-588)4065109-5</subfield>
          </datafield>
          <datafield tag="PSW" ind1="-" ind2="1">
            <subfield code="g">Deutschland</subfield>
            <subfield code="x">Weimarer Republik</subfield>
            <subfield code="9">(DE-588)4065109-5</subfield>
          </datafield>
          <datafield tag="700" ind1=" " ind2=" ">
            <subfield code="a">LPB</subfield>
          </datafield>
          <datafield tag="OWN" ind1=" " ind2=" ">
            <subfield code="a">P0001</subfield>
          </datafield>
          <datafield tag="PLK" ind1=" " ind2=" ">
            <subfield code="a">SRU</subfield>
            <subfield code="l">PAD01</subfield>
            <subfield code="b">000207080</subfield>
            <subfield code="m">[N.F.],1.^Beiträge zur Geschichte der Weimarer Republik.^1971</subfield>
            <subfield code="n">Historische Zeitschrift / Beiheft.^1924</subfield>
          </datafield>
          <datafield tag="LOC" ind1=" " ind2=" ">
            <subfield code="m">BOOK</subfield>
            <subfield code="a">P0001</subfield>
            <subfield code="b">31</subfield>
            <subfield code="d">LPB1030</subfield>
            <subfield code="i">1990.0375G</subfield>
            <subfield code="n">20</subfield>
            <subfield code="k">20000217</subfield>
            <subfield code="5">175962-10</subfield>
          </datafield>
        </record>
      </metadata>
    </record>
  </ListRecords>
</OAI-PMH>
